<?xml version="1.0" encoding="UTF-8"?><collection xmlns="http://www.loc.gov/MARC21/slim"><record><leader>00368nam--2200133-i-4500</leader><controlfield tag="001">000045827</controlfield><controlfield tag="002">20161230</controlfield><controlfield tag="005">20161230201045</controlfield><controlfield tag="008">060222s1000------------r-----000-0-eng-d</controlfield><datafield ind1=" " ind2=" " tag="080"><subfield code="a">621.385.1</subfield></datafield><datafield ind1=" " ind2=" " tag="245"><subfield code="a">Tubes for computers. by members of philips electron division</subfield></datafield><datafield ind1=" " ind2=" " tag="260"><subfield code="a">Eindhoven, Philips, 1956. 53 P</subfield></datafield><datafield ind1=" " ind2=" " tag="490"><subfield code="a">Series Of Books On Electronics</subfield></datafield><datafield ind1=" " ind2=" " tag="852"><subfield code="a">13161</subfield></datafield></record></collection>